@book{AIMA,
    author    = {Russell, Stuart J. and Norvig, Peter},
    title     = {Artificial Intelligence: A Modern Approach},
    year      = {2009},
    edition   = {3rd},
    publisher = {Prentice Hall},
    ISBN      = {978-0-13-604259-7}
}

